<record xmlns="http://www.loc.gov/MARC21/slim" xmlns:xsi="http://www.w3.org/2001/XMLSchema-instance" xsi:schemaLocation="http://www.loc.gov/MARC21/slim http://www.loc.gov/standards/marcxml/schema/MARC21slim.xsd"><leader>01276nam a2200265   4500</leader><controlfield tag="001">002818823</controlfield><controlfield tag="003">NNU</controlfield><controlfield tag="006">m        d        </controlfield><controlfield tag="007">cr cn |||m|||a</controlfield><controlfield tag="008">140707s1970    iq      o     000 0barar</controlfield><datafield ind1=" " ind2=" " tag="040"><subfield code="a">NNU</subfield><subfield code="b">eng</subfield><subfield code="c">NNU</subfield></datafield><datafield ind1="1" ind2=" " tag="100"><subfield code="a">Ibn Mayy&#257;dah, al-Ramm&#257;&#7717; ibn Abrad,</subfield><subfield code="d">d. 766 or 7.</subfield></datafield><datafield ind1="1" ind2="0" tag="245"><subfield code="a">Shi&#699;r Ibn Mayy&#257;dah al-Ramm&#257;&#7717; ibn Abrad al-Murr&#299;</subfield><subfield code="h">[electronic resource].</subfield><subfield code="c">Jam&#699; wa-ta&#7717;q&#299;q Mu&#7717;ammad N&#257;yif al-Dulaym&#299;.</subfield></datafield><datafield ind1=" " ind2=" " tag="260"><subfield code="a">al-Maw&#7779;il,</subfield><subfield code="b">Ma&#7789;ba&#699;at al-Jumh&#363;r&#299;yah</subfield><subfield code="c">[1970]</subfield></datafield><datafield ind1=" " ind2=" " tag="300"><subfield code="a">online resource (173 p.)</subfield></datafield><datafield ind1=" " ind2=" " tag="500"><subfield code="a">Cover title: Poetry of Ibn Mayyada al-Rammah ibn Abrad al-Morrey.</subfield></datafield><datafield ind1=" " ind2=" " tag="500"><subfield code="a">Bibliography: p. 156-171.</subfield></datafield><datafield ind1=" " ind2=" " tag="500"><subfield code="a">Part of the Arabic Collections Online (ACO) project, contributed by New York Univeristy Libraries.</subfield></datafield><datafield ind1=" " ind2=" " tag="533"><subfield code="a">Electronic reproduction.</subfield><subfield code="b">New York, N.Y. :</subfield><subfield code="c">New York University,</subfield><subfield code="d">2014.</subfield><subfield code="5">NNU</subfield></datafield><datafield ind1="1" ind2=" " tag="700"><subfield code="a">Dulaym&#299;, Mu&#7717;ammad N&#257;yif.</subfield></datafield><datafield ind1="2" ind2=" " tag="710"><subfield code="a">New York University.</subfield><subfield code="b">Libraries.</subfield></datafield><datafield ind1="0" ind2=" " tag="730"><subfield code="a">Arabic Collections Online.</subfield></datafield><datafield ind1="0" ind2="8" tag="776"><subfield code="i">Print version:</subfield><subfield code="a">Ibn Mayy&#257;dah, al-Ramm&#257;&#7717; ibn Abrad, d. 766 or 7.</subfield><subfield code="t">Shi&#699;r Ibn Mayy&#257;dah al-Ramm&#257;&#7717; ibn Abrad al-Murr&#299;</subfield><subfield code="w">(NNU)002818823</subfield><subfield code="w">(DLC)70962281</subfield></datafield><datafield ind1="4" ind2="0" tag="856"><subfield code="u">http://hdl.handle.net/2333.1/w9ghx5b4</subfield></datafield><datafield ind1=" " ind2=" " tag="959"><subfield code="a">NNU</subfield><subfield code="b">WEB</subfield><subfield code="c">GENI</subfield><subfield code="t">0</subfield><subfield code="m">Electronic access</subfield><subfield code="s">01</subfield></datafield></record>